<?xml version="1.0" encoding="UTF-8"?><collection xmlns="http://www.loc.gov/MARC21/slim"><record><leader>00597nam--2200181-i-4500</leader><controlfield tag="001">000014061</controlfield><controlfield tag="002">20161230</controlfield><controlfield tag="005">20161230201030</controlfield><controlfield tag="008">060222s1000------------r-----000-0-fre-d</controlfield><datafield ind1=" " ind2=" " tag="040"><subfield code="a">IFIN-HH</subfield></datafield><datafield ind1=" " ind2=" " tag="041"><subfield code="a">fre</subfield></datafield><datafield ind1=" " ind2=" " tag="080"><subfield code="a">535.375.5:538.958(O43):543.424(043)</subfield></datafield><datafield ind1="1" ind2=" " tag="100"><subfield code="a">Beys, Louis</subfield></datafield><datafield ind1="1" ind2="0" tag="245"><subfield code="a">Spectroscopie raman et infrarouge proprietes optique non lineaires d un monocristal de phos phite de lithium lih2po3</subfield><subfield code="b">These</subfield><subfield code="c">Louis beys</subfield></datafield><datafield ind1=" " ind2=" " tag="260"><subfield code="a">Laguedoc</subfield><subfield code="b">Universite De Sciences Et Techniques Du Languedoc</subfield><subfield code="c">1980</subfield></datafield><datafield ind1=" " ind2=" " tag="300"><subfield code="a">168 P</subfield></datafield><datafield ind1=" " ind2=" " tag="852"><subfield code="a">49778</subfield><subfield code="c">535.33</subfield></datafield><datafield ind1=" " ind2=" " tag="CAT"><subfield code="a">Sys</subfield><subfield code="c">20101216</subfield><subfield code="h">150827</subfield></datafield></record></collection>